@article{barabasi,
    author = {Barabasi, Albert-Laszlo and Albert, Reka},
    year = {1999},
    month = {11},
    pages = {509-12},
    title = {Albert, R.: Emergence of Scaling in Random Networks. Science 286, 509-512},
    volume = {286},
    journal = {Science (New York, N.Y.)},
    doi = {10.1126/science.286.5439.509}
}

@InProceedings{herdImm,
    author = {Joanna Nicho},
    title = {The SIR Epidemiology Model in Predicting Herd Immunity},
    journal = {Undergraduate Journal of Mathematical Modeling},
    year = {2010},
    month = {May},
}

@article{genetic,
    author = {Thengade, Anita and Dondal, Rucha},
    year = {2012},
    month = {01},
    title = {Genetic Algorithm â€“ Survey Paper},
    volume = {5},
    journal = {IJCA Proc National Conference on Recent Trends in Computing, NCRTC}
}

@book{natureOfCode,
    title = {The Nature of Code},
    author = {Shiffman, D. and Fry, S. and Marsh, Z.},
    isbn = {9780985930806},
    url = {https://books.google.com/books?id=hoK6lgEACAAJ},
    year = {2012},
    publisher = {D. Shiffman}
}

@online{3b1b,
    author = {Grant Sanderson},
    title = {Simulating an epidemic},
    year = 2020,
    url = {https://youtu.be/gxAaO2rsdIs},
    urldate = {2020-04-29}
}
